<?xml version="1.0" encoding="UTF-8" ?>
<collection xmlns:xsi="http://www.w3.org/2001/XMLSchema-instance" xsi:schemaLocation="http://www.loc.gov/MARC21/slim http://www.loc.gov/standards/marcxml/schema/MARC21slim.xsd" xmlns="http://www.loc.gov/MARC21/slim">
   <record>
      <leader>     cam a22      a 4500</leader>
      <controlfield tag="001">5082236</controlfield>
      <controlfield tag="003">NIC</controlfield>
      <controlfield tag="005">20131119175112.0</controlfield>
      <controlfield tag="008">000609r19641920iq       b    000 p araod</controlfield>
      <datafield tag="035" ind1=" " ind2=" ">
         <subfield code="a">(OCoLC)44271222</subfield>
      </datafield>
      <datafield tag="035" ind1=" " ind2=" ">
         <subfield code="a">5082236</subfield>
      </datafield>
      <datafield tag="040" ind1=" " ind2=" ">
         <subfield code="a">NIC</subfield>
         <subfield code="c">NIC</subfield>
      </datafield>
      <datafield tag="041" ind1="0" ind2=" ">
         <subfield code="a">ara</subfield>
      </datafield>
      <datafield tag="050" ind1=" " ind2="4">
         <subfield code="a">PJ7643</subfield>
         <subfield code="b">.A173 1964</subfield>
      </datafield>
      <datafield tag="100" ind1="0" ind2=" ">
         <subfield code="a">Mufaḍḍal ibn Muḥammad al-Ḍabbī,</subfield>
         <subfield code="d">active 8th century.</subfield>
      </datafield>
      <datafield tag="245" ind1="1" ind2="0">
         <subfield code="a">Dīwān al-Mufaḍḍalīyāt :</subfield>
         <subfield code="b">wa-hiya nukhbah min qaṣāʼid al-shuʻarāʼ al-muqallīn fī al-Jāhilīyah wa-awāʼil al-Islām /</subfield>
         <subfield code="c">ihktārahā Abū al-ʻAbbās al-Mufaḍḍal ibn Muḥammad al-Dabbī. Maʻa sharḥ wāfir / li-Abī Muḥammad al-Qāsim ibn Muḥammad ibn Bashshār al-Anbārī.</subfield>
      </datafield>
      <datafield tag="246" ind1="1" ind2="5">
         <subfield code="a">Mufaḍḍalīyāt, an anthology of ancient Arabian odes</subfield>
      </datafield>
      <datafield tag="250" ind1=" " ind2=" ">
         <subfield code="a">al-Ṭabʻah 1.</subfield>
      </datafield>
      <datafield tag="260" ind1=" " ind2=" ">
         <subfield code="a">Baghdād :</subfield>
         <subfield code="b">Dār al-Maʻārif,</subfield>
         <subfield code="c">[1964?]</subfield>
      </datafield>
      <datafield tag="300" ind1=" " ind2=" ">
         <subfield code="a">892, xxxviii p. ;</subfield>
         <subfield code="c">30 cm.</subfield>
      </datafield>
      <datafield tag="500" ind1=" " ind2=" ">
         <subfield code="a">Reprint of ed. published Beirut 1920.</subfield>
      </datafield>
      <datafield tag="500" ind1=" " ind2=" ">
         <subfield code="a">Added t.p.: The Mufaddalīyāt, an anthology of ancient Arabian odes, compiled by al-Mufaddal son of Muhammad, according to the recension and with the commentary of Abu Muhammad al-Qasim ibn Muhammad al-Anbari. Edited for the first time by Charles James Lyall, Oxford.</subfield>
      </datafield>
      <datafield tag="650" ind1=" " ind2="0">
         <subfield code="a">Arabic poetry.</subfield>
      </datafield>
      <datafield tag="700" ind1="1" ind2=" ">
         <subfield code="a">Ibn al-Anbārī, Muḥammad ibn al-Qāsim,</subfield>
         <subfield code="d">885-940?</subfield>
      </datafield>
      <datafield tag="700" ind1="1" ind2=" ">
         <subfield code="a">Lyall, Charles James,</subfield>
         <subfield code="c">Sir,</subfield>
         <subfield code="d">1845-1920.</subfield>
      </datafield>
      <datafield tag="903" ind1=" " ind2=" ">
         <subfield code="a">Google</subfield>
         <subfield code="d">20120911</subfield>
         <subfield code="p">31924031052024</subfield>
      </datafield>
      <datafield tag="903" ind1=" " ind2=" ">
         <subfield code="a">NYUACO</subfield>
         <subfield code="d">20131119</subfield>
         <subfield code="p">31924031052024</subfield>
      </datafield>
      <datafield tag="948" ind1="2" ind2=" ">
         <subfield code="a">20040614</subfield>
         <subfield code="b">x</subfield>
         <subfield code="d">hed5</subfield>
         <subfield code="e">cts</subfield>
         <subfield code="f">?</subfield>
         <subfield code="h">?</subfield>
      </datafield>
      <datafield tag="948" ind1="2" ind2=" ">
         <subfield code="a">20100723</subfield>
         <subfield code="b">m</subfield>
         <subfield code="d">batch</subfield>
         <subfield code="e">lts</subfield>
         <subfield code="x">del9XXtxt</subfield>
      </datafield>
      <datafield tag="952" ind1=" " ind2=" ">
         <subfield code="b">olin</subfield>
         <subfield code="h">PJ7643</subfield>
         <subfield code="i">.A173 1964</subfield>
      </datafield>
      <datafield tag="995" ind1=" " ind2=" ">
         <subfield code="a">Hivolm</subfield>
         <subfield code="d">20100723</subfield>
      </datafield>
      <datafield tag="903" ind1=" " ind2=" ">
         <subfield code="a">NYUACO</subfield>
         <subfield code="d">20140402</subfield>
         <subfield code="p">31924031052024</subfield>
      </datafield>
      <datafield tag="950" ind1=" " ind2=" ">
         <subfield code="a">Oversize</subfield>
         <subfield code="b">PJ7643 .A173 1964 +</subfield>
         <subfield code="v"> </subfield>
      </datafield>
   </record>
</collection>
